<?xml version="1.0" encoding="UTF-8"?><collection><record><leader>05925ntm a2200541 a 4500</leader><controlfield tag="001">006814650</controlfield><controlfield tag="003">MiAaHDL</controlfield><controlfield tag="005">20190719000000.0</controlfield><controlfield tag="006">m        d        </controlfield><controlfield tag="007">cr bn ---auaua</controlfield><controlfield tag="008">090609s18uu    xx            00| ||ara d</controlfield><datafield tag="035" ind1=" " ind2=" "><subfield code="a">(MiU)006814650</subfield></datafield><datafield tag="035" ind1=" " ind2=" "><subfield code="a">sdr-miu006814650</subfield></datafield><datafield tag="040" ind1=" " ind2=" "><subfield code="a">MiU</subfield><subfield code="c">MiU</subfield><subfield code="e">amremm</subfield></datafield><datafield tag="041" ind1="0" ind2=" "><subfield code="a">ara</subfield><subfield code="a">per</subfield></datafield><datafield tag="043" ind1=" " ind2=" "><subfield code="a">n-us-mi</subfield></datafield><datafield tag="100" ind1="0" ind2=" "><subfield code="6">880-01</subfield><subfield code="a">Abū Tammām Ḥabīb ibn Aws al-Ṭāʼī,</subfield><subfield code="d">active 808-842.</subfield></datafield><datafield tag="245" ind1="1" ind2="0"><subfield code="6">880-03</subfield><subfield code="a">[Ḥamāsat Abī Tammām,</subfield><subfield code="f">19th century?].</subfield></datafield><datafield tag="260" ind1=" " ind2=" "><subfield code="c">[18--?].</subfield></datafield><datafield tag="300" ind1=" " ind2=" "><subfield code="a">134 leaves :</subfield><subfield code="b">paper ;</subfield><subfield code="c">257 x 147 (154 x 80) mm. bound to 257 x 153 mm.</subfield></datafield><datafield tag="500" ind1=" " ind2=" "><subfield code="a">Shelfmark: Ann Arbor, University of Michigan, Special Collections Library, Isl. Ms. 433</subfield></datafield><datafield tag="500" ind1=" " ind2=" "><subfield code="a">Origin: Lacks dated colophon ; likely 19th century as suggested by paper, cover, date in seal impression, etc.</subfield></datafield><datafield tag="500" ind1=" " ind2=" "><subfield code="a">Binding: Pasteboards covered in painted lacquerwork with spine in black leather ; Type III binding (without flap) ; doublures in painted lacquerwork ; doublure hinges in black leather ; upper and lower covers in painted lacquerwork of nearly identical composition consisting of swirling floral vegetal pattern of carnations, poppies, etc. in bronze on a field of olive green bordered in a floral vegetal pattern in gold on a wide band of black, flanked by bands of bronze ; upper and lower doublures in painted work of nearly identical composition consisting of floral vegetal pattern in green, pink, and yellow, outlined in gold on a field of red ; entire panel is bordered in a series of gold bands ; sewn in lime green, yellow, and dark blue (or black) thread, two stations ; worked chevron endbands in light green and yellow ; in fair condition with some cracking, crazing, and loss of laquer ; upper board split and delaminating ; doublure hinges cracked and split ; abrasion.</subfield></datafield><datafield tag="500" ind1=" " ind2=" "><subfield code="a">Support: non-European laid paper (likely Persian) ; quite transluscent, crisp and grey in tone ; no chain lines visible ; laid lines quite distinct, mainly oriented horizontally but occasionally vertically, spaced roughly 11-12 laid lines per cm. ; flyleaves in European laid paper, watermark eagle with "E A F" ; one of back flyleaves in wove paper ; many loose quires and dog-eared pages with some blocking due to moisture damage and tacky ink.</subfield></datafield><datafield tag="500" ind1=" " ind2=" "><subfield code="a">Decoration: Textual dividers in the form of three inverted commas ; gold cloud-bands and other accents surrounded basmalah and between two columns on incipit and facing page ; frame consisting of a gold band outlined in black fillets and outermost blue fillet surrounds the written area ; thin gold bands outlined in black fillets demarcate the columns within the written area and border the margin ; text partially rubricated with some section headings, portions of the gloss, textual dividers, etc. in red.</subfield></datafield><datafield tag="500" ind1=" " ind2=" "><subfield code="a">Script: Naskh ; large clear Persianate hand ; mainly serifless with occasional left-sloping head serifs appearing on alif and lam of definite article ; mainly closed counters ; strong vertical character (somewhat elongated in vertical) ; occasional superscripting of letters and words ; some swooping tails ; fully vocalized in same ink ; gloss in a entirely different hand ; script more of a shikastah-nastaʻlīq with characteristic descent of words to baseline, elongated horizontal strokes, and characteristic long final yāʼ, etc.</subfield></datafield><datafield tag="500" ind1=" " ind2=" "><subfield code="a">Layout: Written in roughly 14 lines per page plus lines of the gloss which vary widely ; single column divided to two column to set off poetry ; frame-ruled (impression of ruling board evident).</subfield></datafield><datafield tag="500" ind1=" " ind2=" "><subfield code="a">Collation: i, IV+2 (10), II (14), 2 IV(30), 2+IV (40), 11 IV(128), 2+II (134), ii ; chiefly quaternions ; several blanks left between verses, likely for rubricated headings ; catchwords present ; pagination in pencil Western numerals supplied during cataloguing.</subfield></datafield><datafield tag="500" ind1=" " ind2=" "><subfield code="a">Explicit: "كانما لبست او البست فنكا فقلصت من حواشيه عن السوق قد تم"</subfield></datafield><datafield tag="500" ind1=" " ind2=" "><subfield code="a">Incipit: "لو كنت من مازن لم تستبح البى بنو اللقيطة من ذهل بن شيبانا اذا لقام بنصرى معشر خشن عند الحفيظة ان ذولوثة لانا"</subfield></datafield><datafield tag="500" ind1=" " ind2=" "><subfield code="a">Title supplied by cataloguer from opening on fol.1b.</subfield></datafield><datafield tag="500" ind1=" " ind2=" "><subfield code="a">Ms. codex.</subfield></datafield><datafield tag="510" ind1="4" ind2=" "><subfield code="a">University of Michigan Library. Manuscripts &amp; papyri : an exhibition arranged for the XXVII International Congress of Orientalists, Ann Arbor, Michigan, August 13-19, 1967. (Ann Arbor, MI [?], 1967),</subfield><subfield code="c">no.37, p.10</subfield></datafield><datafield tag="510" ind1="4" ind2=" "><subfield code="a">Ḥājjī Khalīfah. Kashf al-ẓunūn,</subfield><subfield code="c">I 691-692</subfield></datafield><datafield tag="510" ind1="4" ind2=" "><subfield code="a">Brockelmann, C. GAL,</subfield><subfield code="c">I 20 ; 85</subfield></datafield><datafield tag="520" ind1="8" ind2=" "><subfield code="a">Fine copy of the famous anthology of poetry collected by Abū Tammām with a partial gloss in Persian.</subfield></datafield><datafield tag="538" ind1=" " ind2=" "><subfield code="a">Mode of access: Internet.</subfield></datafield><datafield tag="541" ind1=" " ind2=" "><subfield code="c">Purchase ;</subfield><subfield code="a">Acquired by purchase (funds donated by Horace Rackham).</subfield><subfield code="d">1924.</subfield></datafield><datafield tag="546" ind1=" " ind2=" "><subfield code="a">Arabic and Persian.</subfield></datafield><datafield tag="561" ind1=" " ind2=" "><subfield code="a">On fol.1a (p.1), a large square seal impression dated 1266 [1849 or 50] in black ink in name of al-Muḥsin ibn Ghulām ʻAlī [?], reads "عبد الله ال محسن بن غلام على [؟] ١٢۶۶" ; a few inventory marks in pencil, on front flyleaf "133 T. De M. [i.e. Tammaro De Marinis]" and on fol.1a "89" ; a few marginal corrections ; gloss in Persian continues through fol.14b (p.28).</subfield></datafield><datafield tag="650" ind1=" " ind2="0"><subfield code="a">Manuscripts, Persian</subfield><subfield code="z">Michigan</subfield><subfield code="z">Ann Arbor.</subfield></datafield><datafield tag="650" ind1=" " ind2="0"><subfield code="a">Manuscripts, Arabic</subfield><subfield code="z">Michigan</subfield><subfield code="z">Ann Arbor.</subfield></datafield><datafield tag="650" ind1=" " ind2="0"><subfield code="a">Arabic poetry</subfield><subfield code="x">History and criticism</subfield><subfield code="v">Early works to 1800.</subfield></datafield><datafield tag="650" ind1=" " ind2="0"><subfield code="a">Arabic poetry</subfield><subfield code="y">750-1258.</subfield></datafield><datafield tag="700" ind1="0" ind2=" "><subfield code="a">Abdülhamid</subfield><subfield code="b">II,</subfield><subfield code="c">Sultan of the Turks,</subfield><subfield code="d">1842-1918,</subfield><subfield code="e">former owner.</subfield></datafield><datafield tag="773" ind1="0" ind2=" "><subfield code="a">Abdul Hamid Collection.</subfield></datafield><datafield tag="880" ind1="1" ind2="0"><subfield code="6">245-03/</subfield><subfield code="a">[حماسة أبي تمام,</subfield><subfield code="f">القرن 19م؟].</subfield></datafield><datafield tag="880" ind1="0" ind2=" "><subfield code="6">100-01/</subfield><subfield code="a">أبو تمام حبيب بن أوس الطائي.</subfield></datafield><datafield tag="CID" ind1=" " ind2=" "><subfield code="a">006814650</subfield></datafield><datafield tag="DAT" ind1="0" ind2=" "><subfield code="a">20190719102638.0</subfield><subfield code="b">20190719000000.0</subfield></datafield><datafield tag="DAT" ind1="1" ind2=" "><subfield code="a">20190719090653.0</subfield><subfield code="b">2019-07-19T16:12:09Z</subfield></datafield><datafield tag="DAT" ind1="2" ind2=" "><subfield code="a">2015-10-10T18:00:06Z</subfield><subfield code="b">2014-03-05T21:00:03Z</subfield></datafield><datafield tag="CAT" ind1=" " ind2=" "><subfield code="a">SDR-MIU</subfield><subfield code="d">EX LIBRIS - ALEPH</subfield><subfield code="l">prepare.pl-004-008</subfield></datafield><datafield tag="FMT" ind1=" " ind2=" "><subfield code="a">BK</subfield></datafield><datafield tag="HOL" ind1=" " ind2=" "><subfield code="0">sdr-miu006814650</subfield><subfield code="a">MiU</subfield><subfield code="b">SDR</subfield><subfield code="c">MIU</subfield><subfield code="p">mdp.39015079129121</subfield><subfield code="s">MIU</subfield><subfield code="1">006814650</subfield></datafield><datafield tag="974" ind1=" " ind2=" "><subfield code="b">MIU</subfield><subfield code="c">MIU</subfield><subfield code="d">20190719</subfield><subfield code="s">lit-dlps-dc</subfield><subfield code="u">mdp.39015079129121</subfield><subfield code="y">1899</subfield><subfield code="r">pd</subfield><subfield code="q">add</subfield></datafield></record></collection>